% Encoding: UTF-8

@Book{Cleve2020,
  title     = {Data Mining},
  publisher = {DE GRUYTER},
  year      = {2020},
  author    = {Cleve, Jürgen and Lämmel,Uwe},
  volume    = {3},
  isbn      = {978-3-11-067623-5},
}

@Comment{jabref-meta: databaseType:bibtex;}
