@book {cleve14,
author = {Jürgen Cleve and Uwe Lämmel},
title = {Data Mining},
publisher = {Oldenbourg Wissenschaftsverlag GmbH},
year = {2014},
edition = {1. Auflage},
isbn = {978-3-486-71391-6}
}

@book{ClLa2020,
   author    = {J{\"u}rgen Cleve and Uwe L{\"a}mmel},
   title     = {Data Mining},
   year      = {2020},
   publisher = {Walter de Gruyter},
   address   = {Berlin, Boston},
   edition   = {3. {A}uflage},
   url       = {http://www.wi.hs-wismar.de/dm-buch},
}
